@misc{AsyncIO,
author = "{Python Software Foundation}",
title = {PEP 3156},
year = 2012,
howpublished = "\url{https://www.python.org/dev/peps/pep-3156/}"
}

@misc{Django,
author = {Andrew Godwin},
title = {DEP 009},
year = 2019,
howpublished = "\url{https://github.com/andrewgodwin/deps/blob/async/draft/0009-async.rst}"
}
