@misc{IanGorton,
 author = {Ian Gorton},
 title = {Essential Software Architecture - 2nd Edition},
 year = 2011
}

@misc{MartinFowler,
author = {Martin Fowler},
title = {Microservices},
year = 2014,
howpublished = "\url{https://www.martinfowler.com/articles/microservices.html}"
}

@misc{PySOA,
author = {Eventbrite},
title = {PySOA},
year = 2017,
howpublished = "\url{https://github.com/eventbrite/pysoa}"
}

@misc{PySOAExample,
author = {Jorge Barata},
title = {PySOA Example},
year = 2019,
howpublished = "\url{https://github.com/jorgebg/pysoa-example}"
}
